<?xml version="1.0" encoding="UTF-8"?><collection xmlns="http://www.loc.gov/MARC21/slim"><record><leader>00548nam--2200169-u-4500</leader><controlfield tag="001">000054799</controlfield><controlfield tag="002">20161230</controlfield><controlfield tag="005">20161230201051</controlfield><controlfield tag="008">120614s1000------------r-----000-0-eng-d</controlfield><datafield ind1=" " ind2=" " tag="040"><subfield code="a">IFIN-HH</subfield></datafield><datafield ind1=" " ind2=" " tag="080"><subfield code="a">539.172.5(047)</subfield></datafield><datafield ind1="1" ind2=" " tag="100"><subfield code="a">Langbein, W</subfield></datafield><datafield ind1="1" ind2="0" tag="245"><subfield code="a">Analysis of the pi n invriant amplitudes in terms of algebraic funcions and new determination of the pi n low energy parameters</subfield><subfield code="c">W. langbein</subfield></datafield><datafield ind1=" " ind2=" " tag="260"><subfield code="a">Kaiserslautern</subfield><subfield code="b">Universitat Kaiserslautern</subfield><subfield code="c">1974</subfield></datafield><datafield ind1=" " ind2=" " tag="300"><subfield code="a">/PAG.DIF.</subfield></datafield><datafield ind1=" " ind2=" " tag="852"><subfield code="a">43167</subfield><subfield code="c">539.17</subfield></datafield><datafield ind1=" " ind2=" " tag="CAT"><subfield code="a">Sys</subfield><subfield code="c">20120614</subfield><subfield code="h">122316</subfield></datafield></record></collection>